@article{bahdanau2014neural,
  title={Neural machine translation by jointly learning to align and translate},
  author={Bahdanau, Dzmitry and Cho, Kyunghyun and Bengio, Yoshua},
  journal={arXiv preprint arXiv:1409.0473},
  year={2014}
}
@article{luong2015effective,
  title={Effective approaches to attention-based neural machine translation},
  author={Luong, Minh-Thang and Pham, Hieu and Manning, Christopher D},
  journal={arXiv preprint arXiv:1508.04025},
  year={2015}
}
@article{cho2014learning,
  title={Learning phrase representations using RNN encoder-decoder for statistical machine translation},
  author={Cho, Kyunghyun and Van Merri{\"e}nboer, Bart and Gulcehre, Caglar and Bahdanau, Dzmitry and Bougares, Fethi and Schwenk, Holger and Bengio, Yoshua},
  journal={arXiv preprint arXiv:1406.1078},
  year={2014}
}
@inproceedings{sutskever2014sequence,
  title={Sequence to sequence learning with neural networks},
  author={Sutskever, Ilya and Vinyals, Oriol and Le, Quoc V},
  booktitle={Advances in neural information processing systems},
  pages={3104--3112},
  year={2014}
}
@inproceedings{lamb2016professor,
  title={Professor forcing: A new algorithm for training recurrent networks},
  author={Lamb, Alex M and GOYAL, Anirudh Goyal ALIAS PARTH and Zhang, Ying and Zhang, Saizheng and Courville, Aaron C and Bengio, Yoshua},
  booktitle={Advances In Neural Information Processing Systems},
  pages={4601--4609},
  year={2016}
}

@inproceedings{xu2012paraphrasing,
  title={Paraphrasing for Style},
  author={Xu, Wei and Ritter, Alan and Dolan, Bill and Grishman, Ralph and Cherry, Colin},
  booktitle={COLING},
  pages={2899--2914},
  year={2012}
}

@inproceedings{papineni2002bleu,
  title={BLEU: a method for automatic evaluation of machine translation},
  author={Papineni, Kishore and Roukos, Salim and Ward, Todd and Zhu, Wei-Jing},
  booktitle={Proceedings of the 40th annual meeting on association for computational linguistics},
  pages={311--318},
  year={2002},
  organization={Association for Computational Linguistics}
}

@article{morishita2017empirical,
  title={An empirical study of mini-batch creation strategies for neural machine translation},
  author={Morishita, Makoto and Oda, Yusuke and Neubig, Graham and Yoshino, Koichiro and Sudoh, Katsuhito and Nakamura, Satoshi},
  journal={arXiv preprint arXiv:1706.05765},
  year={2017}
}
